% Key format: first author's last name, other authors' last name initials, four-digit year
% Otherwise stick as close to DPLB (https://dblp.org/) format as possible.
% Sort by key, alphabetically.

@inproceedings{AbyeST2020,
  author    = {Tinsaye Abye and Tilmann Sager and Anna Juliane Triebel},
  editor    = {Linda Cappellato and Carsten Eickhoff and Nicola Ferro and Aur{\'{e}}lie N{\'{e}}v{\'{e}}ol},
  title     = {An Open-Domain Web Search Engine for Answering Comparative Questions},
  booktitle = {Working Notes of {CLEF} 2020 - Conference and Labs of the Evaluation Forum, Thessaloniki, Greece, September 22-25, 2020},
  series    = {{CEUR} Workshop Proceedings},
  volume    = {2696},
  publisher = {CEUR-WS.org},
  year      = {2020},
  url       = {http://ceur-ws.org/Vol-2696/paper\_130.pdf},
  timestamp = {Tue, 27 Oct 2020 17:12:48 +0100},
  biburl    = {https://dblp.org/rec/conf/clef/AbyeST20.bib},
  bibsource = {dblp computer science bibliography, https://dblp.org}
}
@inproceedings{AlhamzehBEM2021,
  author    = {Alaa Alhamzeh and Mohamed Bouhaouel and El{\"{o}}d Egyed{-}Zsigmond and Jelena Mitrovic},
  editor    = {Guglielmo Faggioli and Nicola Ferro and Alexis Joly and Maria Maistro and Florina Piroi},
  title     = {DistilBERT-based Argumentation Retrieval for Answering Comparative Questions},
  booktitle = {Proceedings of the Working Notes of {CLEF} 2021 - Conference and Labs of the Evaluation Forum, Bucharest, Romania, September 21st - 24th, 2021},
  series    = {{CEUR} Workshop Proceedings},
  volume    = {2936},
  pages     = {2319--2330},
  publisher = {CEUR-WS.org},
  year      = {2021},
  url       = {http://ceur-ws.org/Vol-2936/paper-209.pdf},
  timestamp = {Tue, 31 Aug 2021 14:51:15 +0200},
  biburl    = {https://dblp.org/rec/conf/clef/AlhamzehBEM21.bib},
  bibsource = {dblp computer science bibliography, https://dblp.org}
}
@inproceedings{BarHaimBDSS2017,
  author    = {Roy Bar{-}Haim and Indrajit Bhattacharya and Francesco Dinuzzo and Amrita Saha and Noam Slonim},
  editor    = {Mirella Lapata and Phil Blunsom and Alexander Koller},
  title     = {Stance Classification of Context-Dependent Claims},
  booktitle = {Proceedings of the 15th Conference of the European Chapter of the Association for Computational Linguistics, {EACL} 2017, Valencia, Spain, April 3-7, 2017, Volume 1: Long Papers},
  pages     = {251--261},
  publisher = {Association for Computational Linguistics},
  year      = {2017},
  url       = {https://doi.org/10.18653/v1/e17-1024},
  doi       = {10.18653/v1/e17-1024},
  timestamp = {Fri, 06 Aug 2021 00:40:45 +0200},
  biburl    = {https://dblp.org/rec/conf/eacl/SlonimBSBD17.bib},
  bibsource = {dblp computer science bibliography, https://dblp.org}
}
@inproceedings{BevendorffSHP2018,
  author    = {Janek Bevendorff and Benno Stein and Matthias Hagen and Martin Potthast},
  editor    = {Gabriella Pasi and Benjamin Piwowarski and Leif Azzopardi and Allan Hanbury},
  title     = {Elastic ChatNoir: Search Engine for the ClueWeb and the Common Crawl},
  booktitle = {Advances in Information Retrieval - 40th European Conference on {IR}
  Research, {ECIR} 2018, Grenoble, France, March 26-29, 2018, Proceedings},
  series    = {Lecture Notes in Computer Science},
  volume    = {10772},
  pages     = {820--824},
  publisher = {Springer},
  year      = {2018},
  url       = {https://doi.org/10.1007/978-3-319-76941-7\_83},
  doi       = {10.1007/978-3-319-76941-7\_83},
  timestamp = {Thu, 14 Oct 2021 09:46:34 +0200},
  biburl    = {https://dblp.org/rec/conf/ecir/BevendorffSHP18.bib},
  bibsource = {dblp computer science bibliography, https://dblp.org}
}
@book{BirdLK2009,
  author    = {Steven Bird and Ewan Klein and Edward Loper},
  title     = {Natural Language Processing with Python},
  publisher = {O'Reilly},
  year      = {2009},
  url       = {http://www.oreilly.de/catalog/9780596516499/index.html},
  isbn      = {978-0-596-51649-9},
  timestamp = {Wed, 09 Feb 2011 09:29:21 +0100},
  biburl    = {https://dblp.org/rec/books/daglib/0022921.bib},
  bibsource = {dblp computer science bibliography, https://dblp.org}
}
@article{BojanowskiGJM2017,
  author    = {Piotr Bojanowski and Edouard Grave and Armand Joulin and Tom{\'{a}}s Mikolov},
  title     = {Enriching Word Vectors with Subword Information},
  journal   = {Trans. Assoc. Comput. Linguistics},
  volume    = {5},
  pages     = {135--146},
  year      = {2017},
  url       = {https://transacl.org/ojs/index.php/tacl/article/view/999},
  timestamp = {Wed, 17 Feb 2021 21:55:26 +0100},
  biburl    = {https://dblp.org/rec/journals/tacl/BojanowskiGJM17.bib},
  bibsource = {dblp computer science bibliography, https://dblp.org}
}
@inproceedings{BondarenkoHVSPB2018,
  author    = {Alexander Bondarenko and Matthias Hagen and Michael V{\"{o}}lske and Benno Stein and Alexander Panchenko and Chris Biemann},
  editor    = {Ellen M. Voorhees and Angela Ellis},
  title     = {Webis at {TREC} 2018: Common Core Track},
  booktitle = {Proceedings of the Twenty-Seventh Text REtrieval Conference, {TREC} 2018, Gaithersburg, Maryland, USA, November 14-16, 2018},
  series    = {{NIST} Special Publication},
  volume    = {500-331},
  publisher = {National Institute of Standards and Technology {(NIST)}},
  year      = {2018},
  url       = {https://trec.nist.gov/pubs/trec27/papers/Webis-CC.pdf},
  timestamp = {Wed, 03 Feb 2021 08:31:25 +0100},
  biburl    = {https://dblp.org/rec/conf/trec/BondarenkoHVSPB18.bib},
  bibsource = {dblp computer science bibliography, https://dblp.org}
}
@inproceedings{BondarenkoFKHVS2019,
  author    = {Alexander Bondarenko and Maik Fr{\"{o}}be and Vaibhav Kasturia and Matthias Hagen and Michael V{\"{o}}lske and Benno Stein},
  editor    = {Ellen M. Voorhees and Angela Ellis},
  title     = {Webis at {TREC} 2019: Decision Track},
  booktitle = {Proceedings of the Twenty-Eighth Text REtrieval Conference, {TREC} 2019, Gaithersburg, Maryland, USA, November 13-15, 2019},
  series    = {{NIST} Special Publication},
  volume    = {1250},
  publisher = {National Institute of Standards and Technology {(NIST)}},
  year      = {2019},
  url       = {https://trec.nist.gov/pubs/trec28/papers/Webis.D.pdf},
  timestamp = {Wed, 03 Feb 2021 08:31:24 +0100},
  biburl    = {https://dblp.org/rec/conf/trec/BondarenkoFKHVS19.bib},
  bibsource = {dblp computer science bibliography, https://dblp.org}
}
@inproceedings{BondarenkoFBGAPBSWPH2020,
  author    = {Alexander Bondarenko and Maik Fr{\"{o}}be and Meriem Beloucif and Lukas Gienapp and Yamen Ajjour and Alexander Panchenko and Chris Biemann and Benno Stein and Henning Wachsmuth and Martin Potthast and Matthias Hagen},
  editor    = {Linda Cappellato and Carsten Eickhoff and Nicola Ferro and Aur{\'{e}}lie N{\'{e}}v{\'{e}}ol},
  title     = {Overview of Touch{\'{e}} 2020: Argument Retrieval},
  booktitle = {Working Notes of {CLEF} 2020 - Conference and Labs of the Evaluation Forum, Thessaloniki, Greece, September 22-25, 2020},
  series    = {{CEUR} Workshop Proceedings},
  volume    = {2696},
  publisher = {CEUR-WS.org},
  year      = {2020},
  url       = {http://ceur-ws.org/Vol-2696/paper\_261.pdf},
  timestamp = {Tue, 27 Oct 2020 17:12:48 +0100},
  biburl    = {https://dblp.org/rec/conf/clef/BondarenkoFBGAP20a.bib},
  bibsource = {dblp computer science bibliography, https://dblp.org}
}
@inproceedings{BondarenkoGFBAPBSWPH2021,
  author    = {Alexander Bondarenko and Lukas Gienapp and Maik Fr{\"{o}}be and Meriem Beloucif and Yamen Ajjour and Alexander Panchenko and Chris Biemann and Benno Stein and Henning Wachsmuth and Martin Potthast and Matthias Hagen},
  editor    = {Guglielmo Faggioli and Nicola Ferro and Alexis Joly and Maria Maistro and Florina Piroi},
  title     = {Overview of Touch{\'{e}} 2021: Argument Retrieval},
  booktitle = {Proceedings of the Working Notes of {CLEF} 2021 - Conference and Labs of the Evaluation Forum, Bucharest, Romania, September 21st - to - 24th, 2021},
  series    = {{CEUR} Workshop Proceedings},
  volume    = {2936},
  pages     = {2258--2284},
  publisher = {CEUR-WS.org},
  year      = {2021},
  url       = {http://ceur-ws.org/Vol-2936/paper-205.pdf},
  timestamp = {Tue, 31 Aug 2021 14:51:15 +0200},
  biburl    = {https://dblp.org/rec/conf/clef/BondarenkoGFBAP21.bib},
  bibsource = {dblp computer science bibliography, https://dblp.org}
}
@inproceedings{BondarenkoADHBH22,
  author    = {Alexander Bondarenko and
               Yamen Ajjour and
               Valentin Dittmar and
               Niklas Homann and
               Pavel Braslavski and
               Matthias Hagen},
  editor    = {K. Selcuk Candan and
               Huan Liu and
               Leman Akoglu and
               Xin Luna Dong and
               Jiliang Tang},
  title     = {Towards Understanding and Answering Comparative Questions},
  booktitle = {{WSDM} '22: The Fifteenth {ACM} International Conference on Web Search
               and Data Mining, Virtual Event / Tempe, AZ, USA, February 21 - 25,
               2022},
  pages     = {66--74},
  publisher = {{ACM}},
  year      = {2022},
  url       = {https://doi.org/10.1145/3488560.3498534},
  doi       = {10.1145/3488560.3498534},
  timestamp = {Fri, 18 Feb 2022 16:24:18 +0100},
  biburl    = {https://dblp.org/rec/conf/wsdm/BondarenkoADHBH22.bib},
  bibsource = {dblp computer science bibliography, https://dblp.org}
}
@inproceedings{BondarenkoFRSVH2022,
  author = {Alexander Bondarenko and Maik Fr{\"o}be and Jan Heinrich Reimer and Benno Stein and Michael V{\"o}lske and Matthias Hagen},
  booktitle = {45th International ACM Conference on Research and Development in Information Retrieval (SIGIR 2022)},
  doi = {10.1145/3477495.3531743},
  month = {7},
  publisher = {ACM},
  site = {Madrid, Spain},
  title = {{Axiomatic Retrieval Experimentation with ir\_axioms}},
  year = {2022},
}
@inproceedings{BondarenkoFKSGBPBSWPH2022,
  address =               {Berlin Heidelberg New York},
  author =                {Alexander Bondarenko and Maik Fr{\"o}be and Johannes Kiesel and Shahbaz Syed and Timon Gurcke and Meriem Beloucif and Alexander Panchenko and Chris Biemann and Benno Stein and Henning Wachsmuth and Martin Potthast and Matthias Hagen},
  booktitle =             {Experimental IR Meets Multilinguality, Multimodality, and Interaction. 13th International Conference of the CLEF Association (CLEF 2022)},
  month =                 sep,
  pages =                 {to appear},
  publisher =             {Springer},
  series =                {Lecture Notes in Computer Science},
  site =                  {Bologna, Italy},
  title =                 {{Overview of Touch{\'e} 2022: Argument Retrieval}},
  year =                  2022
}
@inproceedings{ChekalinaP2021,
  author    = {Viktoria Chekalina and Alexander Panchenko},
  editor    = {Guglielmo Faggioli and Nicola Ferro and Alexis Joly and Maria Maistro and Florina Piroi},
  title     = {Retrieving Comparative Arguments using Ensemble Methods and {BERT}},
  booktitle = {Proceedings of the Working Notes of {CLEF} 2021 - Conference and Labs of the Evaluation Forum, Bucharest, Romania, September 21st - to - 24th, 2021},
  series    = {{CEUR} Workshop Proceedings},
  volume    = {2936},
  pages     = {2354--2365},
  publisher = {CEUR-WS.org},
  year      = {2021},
  url       = {http://ceur-ws.org/Vol-2936/paper-211.pdf},
  timestamp = {Tue, 31 Aug 2021 14:51:15 +0200},
  biburl    = {https://dblp.org/rec/conf/clef/ChekalinaP21.bib},
  bibsource = {dblp computer science bibliography, https://dblp.org}
}
@inproceedings{ChenG2016,
  author    = {Tianqi Chen and Carlos Guestrin},
  editor    = {Balaji Krishnapuram and Mohak Shah and Alexander J. Smola and Charu C. Aggarwal and Dou Shen and Rajeev Rastogi},
  title     = {XGBoost: {A} Scalable Tree Boosting System},
  booktitle = {Proceedings of the 22nd {ACM} {SIGKDD} International Conference on Knowledge Discovery and Data Mining, San Francisco, CA, USA, August 13-17, 2016},
  pages     = {785--794},
  publisher = {{ACM}},
  year      = {2016},
  url       = {https://doi.org/10.1145/2939672.2939785},
  doi       = {10.1145/2939672.2939785},
  timestamp = {Sun, 02 Jun 2019 21:11:55 +0200},
  biburl    = {https://dblp.org/rec/conf/kdd/ChenG16.bib},
  bibsource = {dblp computer science bibliography, https://dblp.org}
}
@inproceedings{ChernodubOHBHBP2019,
  author    = {Artem N. Chernodub and Oleksiy Oliynyk and Philipp Heidenreich and Alexander Bondarenko and Matthias Hagen and Chris Biemann and Alexander Panchenko},
  editor    = {Marta R. Costa{-}juss{\`{a}} and Enrique Alfonseca},
  title     = {{TARGER:} Neural Argument Mining at Your Fingertips},
  booktitle = {Proceedings of the 57th Conference of the Association for Computational Linguistics, {ACL} 2019, Florence, Italy, July 28 - August 2, 2019, Volume 3: System Demonstrations},
  pages     = {195--200},
  publisher = {Association for Computational Linguistics},
  year      = {2019},
  url       = {https://doi.org/10.18653/v1/p19-3031},
  doi       = {10.18653/v1/p19-3031},
  timestamp = {Fri, 06 Aug 2021 00:40:58 +0200},
  biburl    = {https://dblp.org/rec/conf/acl/ChernodubOHBHBP19.bib},
  bibsource = {dblp computer science bibliography, https://dblp.org}
}
@inproceedings{CherumanalSSC2021,
  author    = {Sachin Pathiyan Cherumanal and
               Damiano Spina and
               Falk Scholer and
               W. Bruce Croft},
  editor    = {Gianluca Demartini and
               Guido Zuccon and
               J. Shane Culpepper and
               Zi Huang and
               Hanghang Tong},
  title     = {Evaluating Fairness in Argument Retrieval},
  booktitle = {{CIKM} '21: The 30th {ACM} International Conference on Information
               and Knowledge Management, Virtual Event, Queensland, Australia, November
               1 - 5, 2021},
  pages     = {3363--3367},
  publisher = {{ACM}},
  year      = {2021},
  url       = {https://doi.org/10.1145/3459637.3482099},
  doi       = {10.1145/3459637.3482099},
  timestamp = {Tue, 02 Nov 2021 12:01:17 +0100},
  biburl    = {https://dblp.org/rec/conf/cikm/CherumanalSSC21.bib},
  bibsource = {dblp computer science bibliography, https://dblp.org}
}
@inproceedings{DevlinCLT2019,
  author    = {Jacob Devlin and Ming{-}Wei Chang and Kenton Lee and Kristina Toutanova},
  editor    = {Jill Burstein and Christy Doran and Thamar Solorio},
  title     = {{BERT:} Pre-training of Deep Bidirectional Transformers for Language Understanding},
  booktitle = {Proceedings of the 2019 Conference of the North American Chapter of the Association for Computational Linguistics: Human Language Technologies, {NAACL-HLT} 2019, Minneapolis, MN, USA, June 2-7, 2019, Volume 1 (Long and Short Papers)},
  pages     = {4171--4186},
  publisher = {Association for Computational Linguistics},
  year      = {2019},
  url       = {https://doi.org/10.18653/v1/n19-1423},
  doi       = {10.18653/v1/n19-1423},
  timestamp = {Wed, 16 Mar 2022 23:55:36 +0100},
  biburl    = {https://dblp.org/rec/conf/naacl/DevlinCLT19.bib},
  bibsource = {dblp computer science bibliography, https://dblp.org}
}
@inproceedings{FangTZ2004,
  author    = {Hui Fang and Tao Tao and ChengXiang Zhai},
  editor    = {Mark Sanderson and Kalervo J{\"{a}}rvelin and James Allan and Peter Bruza},
  title     = {A formal study of information retrieval heuristics},
  booktitle = {{SIGIR} 2004: Proceedings of the 27th Annual International {ACM} {SIGIR} Conference on Research and Development in Information Retrieval, Sheffield, UK, July 25-29, 2004},
  pages     = {49--56},
  publisher = {{ACM}},
  year      = {2004},
  url       = {https://doi.org/10.1145/1008992.1009004},
  doi       = {10.1145/1008992.1009004},
  timestamp = {Tue, 06 Nov 2018 11:07:24 +0100},
  biburl    = {https://dblp.org/rec/conf/sigir/FangTZ04.bib},
  bibsource = {dblp computer science bibliography, https://dblp.org}
}
@article{HabernalG2017,
  author    = {Ivan Habernal and Iryna Gurevych},
  title     = {Argumentation Mining in User-Generated Web Discourse},
  journal   = {Comput. Linguistics},
  volume    = {43},
  number    = {1},
  pages     = {125--179},
  year      = {2017},
  url       = {https://doi.org/10.1162/COLI\_a\_00276},
  doi       = {10.1162/COLI\_a\_00276},
  timestamp = {Mon, 11 May 2020 15:46:03 +0200},
  biburl    = {https://dblp.org/rec/journals/coling/HabernalG17.bib},
  bibsource = {dblp computer science bibliography, https://dblp.org}
}
@inproceedings{HagenVGS2016,
  author    = {Matthias Hagen and Michael V{\"{o}}lske and Steve G{\"{o}}ring and Benno Stein},
  editor    = {Snehasis Mukhopadhyay and ChengXiang Zhai and Elisa Bertino and Fabio Crestani and Javed Mostafa and Jie Tang and Luo Si and Xiaofang Zhou and Yi Chang and Yunyao Li and Parikshit Sondhi},
  title     = {Axiomatic Result Re-Ranking},
  booktitle = {Proceedings of the 25th {ACM} International Conference on Information and Knowledge Management, {CIKM} 2016, Indianapolis, IN, USA, October 24-28, 2016},
  pages     = {721--730},
  publisher = {{ACM}},
  year      = {2016},
  url       = {https://doi.org/10.1145/2983323.2983704},
  doi       = {10.1145/2983323.2983704},
  timestamp = {Thu, 13 Aug 2020 18:13:41 +0200},
  biburl    = {https://dblp.org/rec/conf/cikm/HagenVGS16.bib},
  bibsource = {dblp computer science bibliography, https://dblp.org}
}
@inproceedings{Huck2020,
  author    = {Johannes Huck},
  editor    = {Linda Cappellato and Carsten Eickhoff and Nicola Ferro and Aur{\'{e}}lie N{\'{e}}v{\'{e}}ol},
  title     = {Development of a Search Engine to Answer Comparative Queries},
  booktitle = {Working Notes of {CLEF} 2020 - Conference and Labs of the Evaluation Forum, Thessaloniki, Greece, September 22-25, 2020},
  series    = {{CEUR} Workshop Proceedings},
  volume    = {2696},
  publisher = {CEUR-WS.org},
  year      = {2020},
  url       = {http://ceur-ws.org/Vol-2696/paper\_178.pdf},
  timestamp = {Tue, 27 Oct 2020 17:12:48 +0100},
  biburl    = {https://dblp.org/rec/conf/clef/Huck20.bib},
  bibsource = {dblp computer science bibliography, https://dblp.org}
}
@inproceedings{KeMFWCMYL2017,
  author    = {Guolin Ke and Qi Meng and Thomas Finley and Taifeng Wang and Wei Chen and Weidong Ma and Qiwei Ye and Tie{-}Yan Liu},
  editor    = {Isabelle Guyon and Ulrike von Luxburg and Samy Bengio and Hanna M. Wallach and Rob Fergus and S. V. N. Vishwanathan and Roman Garnett},
  title     = {LightGBM: {A} Highly Efficient Gradient Boosting Decision Tree},
  booktitle = {Advances in Neural Information Processing Systems 30: Annual Conference on Neural Information Processing Systems 2017, December 4-9, 2017, Long Beach, CA, {USA}},
  pages     = {3146--3154},
  year      = {2017},
  url       = {https://proceedings.neurips.cc/paper/2017/hash/6449f44a102fde848669bdd9eb6b76fa-Abstract.html},
  timestamp = {Thu, 21 Jan 2021 15:15:21 +0100},
  biburl    = {https://dblp.org/rec/conf/nips/KeMFWCMYL17.bib},
  bibsource = {dblp computer science bibliography, https://dblp.org}
}
@article{LinMLYPN2021,
  author    = {Jimmy Lin and Xueguang Ma and Sheng{-}Chieh Lin and Jheng{-}Hong Yang and Ronak Pradeep and Rodrigo Nogueira},
  title     = {Pyserini: An Easy-to-Use Python Toolkit to Support Replicable {IR} Research with Sparse and Dense Representations},
  journal   = {CoRR},
  volume    = {abs/2102.10073},
  year      = {2021},
  url       = {https://arxiv.org/abs/2102.10073},
  eprinttype = {arXiv},
  eprint    = {2102.10073},
  timestamp = {Wed, 24 Feb 2021 15:42:45 +0100},
  biburl    = {https://dblp.org/rec/journals/corr/abs-2102-10073.bib},
  bibsource = {dblp computer science bibliography, https://dblp.org}
}
@inproceedings{Miller1992,
  author    = {George A. Miller},
  title     = {{WORDNET:} a Lexical Database for English},
  booktitle = {Speech and Natural Language: Proceedings of a Workshop Held at Harriman, New York, USA, February 23-26, 1992},
  publisher = {Morgan Kaufmann},
  year      = {1992},
  url       = {https://aclanthology.org/H92-1116/},
  timestamp = {Fri, 06 Aug 2021 00:41:31 +0200},
  biburl    = {https://dblp.org/rec/conf/naacl/Miller92.bib},
  bibsource = {dblp computer science bibliography, https://dblp.org}
}
@inproceedings{PenningtonSM2014,
  author    = {Jeffrey Pennington and Richard Socher and Christopher D. Manning},
  editor    = {Alessandro Moschitti and Bo Pang and Walter Daelemans},
  title     = {Glove: Global Vectors for Word Representation},
  booktitle = {Proceedings of the 2014 Conference on Empirical Methods in Natural Language Processing, {EMNLP} 2014, October 25-29, 2014, Doha, Qatar, {A} meeting of SIGDAT, a Special Interest Group of the {ACL}},
  pages     = {1532--1543},
  publisher = {{ACL}},
  year      = {2014},
  url       = {https://doi.org/10.3115/v1/d14-1162},
  doi       = {10.3115/v1/d14-1162},
  timestamp = {Fri, 06 Aug 2021 00:40:40 +0200},
  biburl    = {https://dblp.org/rec/conf/emnlp/PenningtonSM14.bib},
  bibsource = {dblp computer science bibliography, https://dblp.org}
}
@article{Porter1980,
  author    = {Martin F. Porter},
  title     = {An algorithm for suffix stripping},
  journal   = {Program},
  volume    = {14},
  number    = {3},
  pages     = {130--137},
  year      = {1980},
  url       = {https://doi.org/10.1108/eb046814},
  doi       = {10.1108/eb046814},
  timestamp = {Wed, 14 Nov 2018 10:27:00 +0100},
  biburl    = {https://dblp.org/rec/journals/program/Porter80.bib},
  bibsource = {dblp computer science bibliography, https://dblp.org}
}
@inproceedings{PotthastHSGMTW2012,
  author    = {Martin Potthast and Matthias Hagen and Benno Stein and Jan Gra{\ss}egger and Maximilian Michel and Martin Tippmann and Clement Welsch},
  editor    = {William R. Hersh and Jamie Callan and Yoelle Maarek and Mark Sanderson},
  title     = {ChatNoir: a search engine for the ClueWeb09 corpus},
  booktitle = {The 35th International {ACM} {SIGIR} conference on research and development in Information Retrieval, {SIGIR} '12, Portland, OR, USA, August 12-16, 2012},
  pages     = {1004},
  publisher = {{ACM}},
  year      = {2012},
  url       = {https://doi.org/10.1145/2348283.2348429},
  doi       = {10.1145/2348283.2348429},
  timestamp = {Wed, 30 Oct 2019 15:47:55 +0100},
  biburl    = {https://dblp.org/rec/conf/sigir/PotthastHSGMTW12.bib},
  bibsource = {dblp computer science bibliography, https://dblp.org}
}
@incollection{PotthastGWS2019,
  author    = {Martin Potthast and Tim Gollub and Matti Wiegmann and Benno Stein},
  editor    = {Nicola Ferro and Carol Peters},
  title     = {{TIRA} Integrated Research Architecture},
  booktitle = {Information Retrieval Evaluation in a Changing World - Lessons Learned from 20 Years of {CLEF}},
  series    = {The Information Retrieval Series},
  volume    = {41},
  pages     = {123--160},
  publisher = {Springer},
  year      = {2019},
  url       = {https://doi.org/10.1007/978-3-030-22948-1\_5},
  doi       = {10.1007/978-3-030-22948-1\_5},
  timestamp = {Wed, 30 Oct 2019 15:47:55 +0100},
  biburl    = {https://dblp.org/rec/books/sp/19/PotthastGWS19.bib},
  bibsource = {dblp computer science bibliography, https://dblp.org}
}
@article{PotthastHS2020,
  author    = {Martin Potthast and Matthias Hagen and Benno Stein},
  title     = {The dilemma of the direct answer},
  journal   = {{SIGIR} Forum},
  volume    = {54},
  number    = {1},
  pages     = {14:1--14:12},
  year      = {2020},
  url       = {https://doi.org/10.1145/3451964.3451978},
  doi       = {10.1145/3451964.3451978},
  timestamp = {Mon, 26 Apr 2021 16:14:49 +0200},
  biburl    = {https://dblp.org/rec/journals/sigir/PotthastHS20.bib},
  bibsource = {dblp computer science bibliography, https://dblp.org}
}
@article{RaffelSRLNMZLL2020,
  author    = {Colin Raffel and Noam Shazeer and Adam Roberts and Katherine Lee and Sharan Narang and Michael Matena and Yanqi Zhou and Wei Li and Peter J. Liu},
  title     = {Exploring the Limits of Transfer Learning with a Unified Text-to-Text Transformer},
  journal   = {J. Mach. Learn. Res.},
  volume    = {21},
  pages     = {140:1--140:67},
  year      = {2020},
  url       = {http://jmlr.org/papers/v21/20-074.html},
  timestamp = {Fri, 05 Feb 2021 15:43:41 +0100},
  biburl    = {https://dblp.org/rec/journals/jmlr/RaffelSRLNMZLL20.bib},
  bibsource = {dblp computer science bibliography, https://dblp.org}
}
@article{SanhDCW2019,
  author     = {Victor Sanh and Lysandre Debut and Julien Chaumond and Thomas Wolf},
  title      = {DistilBERT, a distilled version of {BERT:} smaller, faster, cheaper and lighter},
  journal    = {CoRR},
  volume     = {abs/1910.01108},
  year       = {2019},
  url        = {http://arxiv.org/abs/1910.01108},
  eprinttype = {arXiv},
  eprint     = {1910.01108},
  timestamp  = {Tue, 02 Jun 2020 12:48:59 +0200},
  biburl     = {https://dblp.org/rec/journals/corr/abs-1910-01108.bib},
  bibsource  = {dblp computer science bibliography, https://dblp.org}
}
@article{SanhWRBSACSLRDBXTSSKCNDCJWMSYPBWNRSSFFTBGBWR2021,
  author    = {Victor Sanh and Albert Webson and Colin Raffel and Stephen H. Bach and Lintang Sutawika and Zaid Alyafeai and Antoine Chaffin and Arnaud Stiegler and Teven Le Scao and Arun Raja and Manan Dey and M. Saiful Bari and Canwen Xu and Urmish Thakker and Shanya Sharma and Eliza Szczechla and Taewoon Kim and Gunjan Chhablani and Nihal V. Nayak and Debajyoti Datta and Jonathan Chang and Mike Tian{-}Jian Jiang and Han Wang and Matteo Manica and Sheng Shen and Zheng Xin Yong and Harshit Pandey and Rachel Bawden and Thomas Wang and Trishala Neeraj and Jos Rozen and Abheesht Sharma and Andrea Santilli and Thibault F{\'{e}}vry and Jason Alan Fries and Ryan Teehan and Stella Biderman and Leo Gao and Tali Bers and Thomas Wolf and Alexander M. Rush},
  title     = {Multitask Prompted Training Enables Zero-Shot Task Generalization},
  journal   = {CoRR},
  volume    = {abs/2110.08207},
  year      = {2021},
  url       = {https://arxiv.org/abs/2110.08207},
  eprinttype = {arXiv},
  eprint    = {2110.08207},
  timestamp = {Mon, 25 Oct 2021 08:16:22 +0200},
  biburl    = {https://dblp.org/rec/journals/corr/abs-2110-08207.bib},
  bibsource = {dblp computer science bibliography, https://dblp.org}
}
@inproceedings{ShahB2022,
  author    = {Chirag Shah and Emily M. Bender},
  editor    = {David Elsweiler},
  title     = {Situating Search},
  booktitle = {{CHIIR} '22: {ACM} {SIGIR} Conference on Human Information Interaction and Retrieval, Regensburg, Germany, March 14 - 18, 2022},
  pages     = {221--232},
  publisher = {{ACM}},
  year      = {2022},
  url       = {https://doi.org/10.1145/3498366.3505816},
  doi       = {10.1145/3498366.3505816},
  timestamp = {Tue, 15 Mar 2022 11:08:50 +0100},
  biburl    = {https://dblp.org/rec/conf/chiir/ShahB22.bib},
  bibsource = {dblp computer science bibliography, https://dblp.org}
}
@inproceedings{ShirshakovaW2021,
  author    = {Ekaterina Shirshakova and Ahmad Wattar},
  editor    = {Guglielmo Faggioli and Nicola Ferro and Alexis Joly and Maria Maistro and Florina Piroi},
  title     = {Thor at Touch{\'{e}} 2021: Argument Retrieval for Comparative Questions},
  booktitle = {Proceedings of the Working Notes of {CLEF} 2021 - Conference and Labs of the Evaluation Forum, Bucharest, Romania, September 21st - to - 24th, 2021},
  series    = {{CEUR} Workshop Proceedings},
  volume    = {2936},
  pages     = {2455--2462},
  publisher = {CEUR-WS.org},
  year      = {2021},
  url       = {http://ceur-ws.org/Vol-2936/paper-219.pdf},
  timestamp = {Tue, 31 Aug 2021 14:51:15 +0200},
  biburl    = {https://dblp.org/rec/conf/clef/ShirshakovaW21.bib},
  bibsource = {dblp computer science bibliography, https://dblp.org}
}
@inproceedings{StabG2014,
  author    = {Christian Stab and Iryna Gurevych},
  editor    = {Jan Hajic and Junichi Tsujii},
  title     = {Annotating Argument Components and Relations in Persuasive Essays},
  booktitle = {{COLING} 2014, 25th International Conference on Computational Linguistics, Proceedings of the Conference: Technical Papers, August 23-29, 2014, Dublin, Ireland},
  pages     = {1501--1510},
  publisher = {{ACL}},
  year      = {2014},
  url       = {https://aclanthology.org/C14-1142/},
  timestamp = {Fri, 06 Aug 2021 00:39:57 +0200},
  biburl    = {https://dblp.org/rec/conf/coling/StabG14.bib},
  bibsource = {dblp computer science bibliography, https://dblp.org}
}
@inproceedings{ToledoGCFVLJAS2019,
  author    = {Assaf Toledo and Shai Gretz and Edo Cohen{-}Karlik and Roni Friedman and Elad Venezian and Dan Lahav and Michal Jacovi and Ranit Aharonov and Noam Slonim},
  editor    = {Kentaro Inui and Jing Jiang and Vincent Ng and Xiaojun Wan},
  title     = {Automatic Argument Quality Assessment - New Datasets and Methods},
  booktitle = {Proceedings of the 2019 Conference on Empirical Methods in Natural Language Processing and the 9th International Joint Conference on Natural Language Processing, {EMNLP-IJCNLP} 2019, Hong Kong, China, November 3-7, 2019},
  pages     = {5624--5634},
  publisher = {Association for Computational Linguistics},
  year      = {2019},
  url       = {https://doi.org/10.18653/v1/D19-1564},
  doi       = {10.18653/v1/D19-1564},
  timestamp = {Thu, 05 Aug 2021 17:36:17 +0200},
  biburl    = {https://dblp.org/rec/conf/emnlp/ToledoGCFVLJAS19.bib},
  bibsource = {dblp computer science bibliography, https://dblp.org}
}
@inproceedings{VaswaniSPUJGKP2017,
  author    = {Ashish Vaswani and Noam Shazeer and Niki Parmar and Jakob Uszkoreit and Llion Jones and Aidan N. Gomez and Lukasz Kaiser and Illia Polosukhin},
  editor    = {Isabelle Guyon and Ulrike von Luxburg and Samy Bengio and Hanna M. Wallach and Rob Fergus and S. V. N. Vishwanathan and Roman Garnett},
  title     = {Attention is All you Need},
  booktitle = {Advances in Neural Information Processing Systems 30: Annual Conference on Neural Information Processing Systems 2017, December 4-9, 2017, Long Beach, CA, {USA}},
  pages     = {5998--6008},
  year      = {2017},
  url       = {https://proceedings.neurips.cc/paper/2017/hash/3f5ee243547dee91fbd053c1c4a845aa-Abstract.html},
  timestamp = {Thu, 21 Jan 2021 15:15:21 +0100},
  biburl    = {https://dblp.org/rec/conf/nips/VaswaniSPUJGKP17.bib},
  bibsource = {dblp computer science bibliography, https://dblp.org}
}
@inproceedings{WolfDSCDMCRLFDSPMJPXSGDLR2020,
  author    = {Thomas Wolf and
               Lysandre Debut and
               Victor Sanh and
               Julien Chaumond and
               Clement Delangue and
               Anthony Moi and
               Pierric Cistac and
               Tim Rault and
               R{\'{e}}mi Louf and
               Morgan Funtowicz and
               Joe Davison and
               Sam Shleifer and
               Patrick von Platen and
               Clara Ma and
               Yacine Jernite and
               Julien Plu and
               Canwen Xu and
               Teven Le Scao and
               Sylvain Gugger and
               Mariama Drame and
               Quentin Lhoest and
               Alexander M. Rush},
  editor    = {Qun Liu and
               David Schlangen},
  title     = {Transformers: State-of-the-Art Natural Language Processing},
  booktitle = {Proceedings of the 2020 Conference on Empirical Methods in Natural
               Language Processing: System Demonstrations, {EMNLP} 2020 - Demos,
               Online, November 16-20, 2020},
  pages     = {38--45},
  publisher = {Association for Computational Linguistics},
  year      = {2020},
  url       = {https://doi.org/10.18653/v1/2020.emnlp-demos.6},
  doi       = {10.18653/v1/2020.emnlp-demos.6},
  timestamp = {Sat, 09 Apr 2022 12:34:22 +0200},
  biburl    = {https://dblp.org/rec/conf/emnlp/WolfDSCDMCRLFDS20.bib},
  bibsource = {dblp computer science bibliography, https://dblp.org}
}
@inproceedings{ZhaiL2001,
  author    = {ChengXiang Zhai and John D. Lafferty},
  editor    = {W. Bruce Croft and David J. Harper and Donald H. Kraft and Justin Zobel},
  title     = {A Study of Smoothing Methods for Language Models Applied to Ad Hoc Information Retrieval},
  booktitle = {{SIGIR} 2001: Proceedings of the 24th Annual International {ACM} {SIGIR} Conference on Research and Development in Information Retrieval, September 9-13, 2001, New Orleans, Louisiana, {USA}},
  pages     = {334--342},
  publisher = {{ACM}},
  year      = {2001},
  url       = {https://doi.org/10.1145/383952.384019},
  doi       = {10.1145/383952.384019},
  timestamp = {Mon, 26 Nov 2018 17:05:48 +0100},
  biburl    = {https://dblp.org/rec/conf/sigir/ZhaiL01.bib},
  bibsource = {dblp computer science bibliography, https://dblp.org}
}
