# Key format: first author's last name, other authors' last name initials, four-digit year
# Otherwise stick as close to DPLB (https://dblp.org/) format as possible.
# Sort by key, alphabetically.
